
@article{mellem_action_2008,
	title = {Action potentials contribute to neuronal signaling in C. elegans},
	volume = {11},
	issn = {1097-6256},
	url = {http://www.nature.com/doifinder/10.1038/nn.2131},
	doi = {10.1038/nn.2131},
	number = {8},
	urldate = {2013-07-17},
	journal = {Nature Neuroscience},
	author = {Mellem, Jerry E and Brockie, Penelope J and Madsen, David M and Maricq, Andres V},
	month = jun,
	year = {2008},
	pages = {865--867}
},

@article{lockery_first_2009,
	title = {First report of action potentials in a C. elegans neuron is premature},
	volume = {12},
	issn = {1097-6256},
	url = {http://www.nature.com/doifinder/10.1038/nn0409-365},
	doi = {10.1038/nn0409-365},
	number = {4},
	urldate = {2013-07-17},
	journal = {Nature Neuroscience},
	author = {Lockery, Shawn R and Goodman, Miriam B and Faumont, Serge},
	month = apr,
	year = {2009},
	pages = {365--366}
},

@article{lockery_quest_2009,
	title = {The quest for action potentials in C. elegans neurons hits a plateau},
	volume = {12},
	issn = {1097-6256},
	url = {http://www.nature.com/doifinder/10.1038/nn0409-377},
	doi = {10.1038/nn0409-377},
	number = {4},
	urldate = {2013-07-17},
	journal = {Nature Neuroscience},
	author = {Lockery, Shawn R and Goodman, Miriam B},
	month = apr,
	year = {2009},
	pages = {377--378}
}